@article{Bucalossi2011,
	title = {{Feasibility study of an actively cooled tungsten divertor in Tore Supra for ITER technology testing}},
	year = {2011},
	journal = {Fusion Engineering and Design},
	author = {{J. Bucalossi, A. Argouarch, V. Basiuk, O. Baulaigue, P. Bayetti, M. B\'ecoulet, B. Bertrand, S. Br\'emond, P. Cara, M. Chantant, Y. Corre, X. Courtois, L. Doceul, A. Ekedahl, F. Faisse, M. Firdaouss, J. Garcia, L. Gargiulo, C. Gil, C. Grisolia, et al.}},
	number = {},
	month = {},
	pages = {684--688},
	volume = {86},
	url = {},
	doi = {},
	issn = {}
}

@article{Buckingham1914,
	title = {{On Physically Similar Systems; Illustrations of the Use of Dimensional Equations}},
	year = {1914},
	journal = {Phys. Rev.},
	author = {E. Buckingham},
	number = {},
	month = {},
	pages = {345},
	volume = {4},
	url = {},
	doi = {},
	issn = {}
}

@article{Caschera2019,
	title = {{Scaling law of the energy confinement time in global flux driven gyrokinetic
	simulations}},
	year = {2019},
	journal = {submitted to Physical Review Letters},
	author = {{}E. Caschera, G. Dif-Pradalier, P. Donnel, X. Garbet, P. Ghendrih, C. Gillot, V. Grandgirard, G. Latu, Y. Sarazin}},
	number = {},
	month = {},
	pages = {},
	volume = {},
	url = {},
	doi = {},
	issn = {}
}

@article{Coleman2016,
	title = {{On the EU approach for DEMO architecture exploration and dealing with uncertainties}},
	year = {2016},
	journal = {Fusion Engineering and Design},
	author = {{M. Coleman, F. Maviglia, C. Bachmann, J. Anthony, G. Federici, M. Shannon,R. Wenninger}},
	number = {},
	month = {},
	pages = {1158--1162},
	volume = {109-111},
	url = {},
	doi = {10.1016/j.fusengdes.2015.12.063},
	issn = {}
}

@article{Coleman2019,
	title = {{DEMO tritium fuel cycle: performance, parameter explorations, and design space constraints}},
	year = {2019},
	journal = {Fusion Engineering and Design},
	author = {{M. Coleman, Y. H\"orstensmeyer, F. Cismondi}},
	number = {},
	month = {},
	pages = {79--90},
	volume = {141},
	url = {},
	doi = {10.1016/j.fusengdes.2015.12.063},
	issn = {}
}

@article{Connor1977,
	title = {{Scaling laws for plasma confinement}},
	year = {1977},
	journal = {Nucl. Fusion},
	author = {{J.W. Connor and J.B. Taylor}},
	number = {5},
	month = {},
	pages = {1047},
	volume = {17},
	url = {},
	doi = {},
	issn = {}
}

@article{Connor2000,
	title = {{A review of theories of the L-H transition}},
	year = {2000},
	journal = {Plasma Phys. Control. Fusion},
	author = {{J.W. Connor and H.R. Wilson}},
	number = {},
	month = {},
	pages = {R1-R74},
	volume = {42},
	url = {},
	doi = {},
	issn = {}
}

@article{Christiansen1991,
	title = {{Scaling laws for plasma confinement}},
	year = {1991},
	journal = {Nucl. Fusion},
	author = {{J.P. Christiansen et al.}},
	number = {5},
	month = {},
	pages = {2117},
	volume = {31},
	url = {},
	doi = {},
	issn = {}
}

@article{Duchateau2007,
	title = {{Discussion About the Size of a Future Fusion Demonstration Reactor: The Impact of the Toroidal Magnetic Field}},
	year = {2007},
	journal = {IEEE Transactions on Applied Superconductivity},
	author = {{J.-L. Duchateau, P. Hertout, J. Johner}},
	number = {},
	month = {},
	pages = {1342},
	volume = {17},
	url = {},
	doi = {},
	issn = {}
}
@article{Duchateau2014,
    title = {{Conceptual integrated approach for the magnet system of a tokamak reactor}},
	year = {2014},
	journal = {Fusion Engineering and Design},
	author = {{J.-L. Duchateau, P. Hertout, B. Saoutic, J.-F. Artaud, L. Zani, C. Reux}},
	number = {},
	month = {},
	pages = {2606--2620},
	volume = {89},
	url = {},
	doi = {},
	issn = {}
}

@article{Eich2011,
	title = {{Inter-ELM Power Decay Length for JET and ASDEX Upgrade: Measurement and Comparison with Heuristic Drift-Based Model}},
	year = {2011},
	journal = {Phys. Rev. Lett.},
	author = {T. Eich et al.},
	number = {},
	month = {11},
	pages = {215001},
	volume = {107},
	url = {},
	doi = {10.1103/PhysRevLett.107.215001},
	issn = {}
}

@article{Eich2013,
	title = {{Scaling of the tokamak near the scrape-off layer H-mode power width	and implications for ITER}},
	year = {2013},
	journal = {Nucl. Fusion},
	author = {T. Eich et al.},
	number = {},
	month = {08},
	pages = {093031},
	volume = {53},
	url = {},
	doi = {10.1088/0029-5515/53/9/093031},
	issn = {}
}

@article{Entler2018,
	title = {{Approximation of the economy of fusion energy}},
	year = {2018},
	journal = {Energy},
	author = {{S. Entler, J. Horacek, T. Dlouhy and V. Dostal}},
	number = {},
	month = {},
	pages = {489--497},
	volume = {152},
	url = {},
	doi = {},
	issn = {}
}

@article{Federici2017,
	title = {{European DEMO design strategy	and consequences for materials}},
	year = {2017},
	journal = {Nuclear Fusion},
	author = {{G. Federici,  W. Biel, M.R. Gilbert, R. Kemp, N. Taylor and R. Wenninger}},
	number = {},
	month = {},
	pages = {092002},
	volume = {57},
	url = {},
	doi = {10.1088/1741-4326/57/9/092002},
	issn = {}
}

@book{Freidberg2007,
	title = {{Plasma Physics and Fusion Energy}},
	year = {2007},
	author = {Freidberg, Jeffrey P},
	pages = {671},
	volume = {1},
	publisher = {Cambridge University Press},
	url = {http://books.google.com/books?hl=en&amp;lr=&amp;id=Vyoe88GEVz4C&amp;oi=fnd&amp;pg=PA3&amp;dq=Plasma+physics+and+fusion+energy&amp;ots=YvnpbizFsX&amp;sig=Cu0BZ0VcBGR0LHPrYF0bJZRR3KQ},
	isbn = {9788578110796},
	doi = {10.1017/CBO9781107415324.004},
	issn = {1098-6596},
	pmid = {25246403},
	arxivId = {arXiv:1011.1669v3},
	keywords = {}
}

@book{FusionCEA1987,
	title = {{La fusion thermonucl\'eaire contr\^ol\'ee par confinement magn\'etique}},
	year = {1987},
	author = {Collection du Commissariat \`a l'\'energie atomique},
	pages = {417},
	volume = {},
	publisher = {Masson, S\'erie Scientifique},
	url = {},
	isbn = {2-225-81284-5},
	doi = {},
	issn = {0767-8282},
	pmid = {},
	arxivId = {},
	keywords = {}
}

@article{Garofalo2001,
	title = {{Resistive wall mode dynamics and active feedback control in DIII-D}},
	year = {2001},
	journal = {Nuclear Fusion},
	author = {{A.M. Garofalo, M.S. Chub, E.D. Fredrickson et al.}},
	number = {9},
	month = {},
	pages = {1171},
	volume = {41},
	url = {},
	doi = {},
	issn = {}
}

@article{Ghendrih2014,
	title = {{Self organisation of plasma turbulence: impact on radial correlation lengths}},
	year = {2014},
	journal = {Journal of Physics: Conference Series},
	author = {{Ph. Ghendrih, G. Dif-Pradalier, C. Norscini, T. Cartier-Michaud, D. Est\`eve, X. Garbet, V. Grandgirard, G. Latu, C. Passeron, Y. Sarazin}},
	number = {},
	month = {},
	pages = {012008},
	volume = {561},
	url = {},
	doi = {10.1088/1742-6596/561/1/012008},
	issn = {}
}

@article{Greenwald2002,
	title = {{Density limits in toroidal plasmas}},
	year = {2002},
	journal = {Plasma Physics and Controlled Fusion},
	author = {Greenwald, Martin},
	number = {8},
	month = {8},
	pages = {201},
	volume = {44},
	url = {http://stacks.iop.org/0741-3335/44/i=8/a=201?key=crossref.10b223c9bfedf85db5ed007f2fdae8a5},
	doi = {10.1088/0741-3335/44/8/201},
	issn = {07413335}
}

@article{Huba2013,
	title = {{NRL PLASMA FORMULARY Supported by The Office of Naval Research}},
	year = {2013},
	journal = {Plasma Physics},
	author = {Huba, J D},
	pages = {1--71},
	url = {http://wwwppd.nrl.navy.mil/nrlformulary/},
	isbn = {9781234126070},
	doi = {10.1109/MEI.2003.1178121},
	issn = {0883-7554}
}

@article{ITERphysics_chap2,
    title = {{Chapter 2: Plasma confinement and transport}},
    year = {1999},
    journal = {Nuclear Fusion},
    author = {{ITER Physics Expert Group on Confinement and Transport and Confinement Modelling and Database} and {ITER Physics Basis Editors}},
    number = {12},
    month = {12},
    pages = {2175--2249},
    volume = {39},
    url = {http://stacks.iop.org/0029-5515/39/i=12/a=302?key=crossref.c457c1e0ef9f22c2316445d85184a82d},
    doi = {10.1088/0029-5515/39/12/302},
    issn = {0029-5515}
}

@article{ITERphysics_chap4,
	title = {{Chapter 4: Power and particle control}},
	year = {2007},
	journal = {Nuclear Fusion},
	author = {{A. Loarte, B. Lipschultz, A.S. Kukushkin, G.F. Matthews,
	P.C. Stangeby, N. Asakura, G.F. Counsell, G. Federici,
	A. Kallenbach, K. Krieger, A. Mahdavi, V. Philipps, D. Reiter,
	J. Roth, J. Strachan, D. Whyte, R. Doerner, T. Eich,
	W. Fundamenski, A. Herrmann, M. Fenstermacher, P. Ghendrih,
	M. Groth, A. Kirschner, S. Konoshima, B. LaBombard, P. Lang,
	A.W. Leonard, P. Monier-Garbet, R. Neu, H. Pacher,
	B. P\'egouri\'e, R.A. Pitts, S. Takamura, J. Terry, E. Tsitrone and
	the ITPA Scrape-off Layer and Divertor Physics Topical Group}},
	number = {},
	month = {},
	pages = {S203â€“-S263},
	volume = {47},
	url = {},
	doi = {10.1088/0029-5515/47/6/S04},
	issn = {}
}

@article{Johner2011,
	title = {{HELIOS: a zero-dimensional tool for next step and reactor studies}},
	year = {2011},
	journal = {Fusion Science and Technology},
	author = {Johner, Jean},
	number = {},
	month = {2},
	pages = {308--349},
	volume = {59},
	url = {},
	doi = {},
	issn = {}
}

@article{Kadomtsev1975,
	title = {{Tokamaks and dimensional analysis}},
	year = {1975},
	journal = {Sov. J. Plasma Phys.},
	author = {B.B. Kadomtsev},
	number = {},
	month = {07},
	pages = {295},
	volume = {1},
	url = {},
	doi = {},
	issn = {}
}

@article{Kovari2014,
	title = {{``PROCESS'': A systems code for fusion power plants - Part1: Physics}},
	year = {2014},
	journal = {Fusion Engineering and Design},
	author = {{M. Kovari, R. Kemp, H. Lux, P. Knight, J. Morris, D.J. Ward}},
	number = {},
	month = {07},
	pages = {3054--3069},
	volume = {89},
	url = {},
	doi = {},
	issn = {}
}

@article{Lipschultz2016,
    title = {{Sensitivity of detachment extent to magnetic configuration and external parameters}},
    year = {2016},
    journal = {Nuclear Fusion},
    author = {{B. Lipschultz, F. I. Parra and I. H. Hutchinson}},
    number = {},
    month = {},
    pages = {056007},
    volume = {56},
    url = {},
    doi = {10.1088/0029-5515/56/5/056007},
    issn = {}
}

@article{Luce2008,
	title = {{Application of dimensionless parameter scaling techniques to the design and interpretation of magnetic fusion experiments}},
	year = {2008},
	journal = {Plasma Phys. Control. Fusion},
	author = {T. Luce},
	number = {},
	month = {},
	pages = {043001},
	volume = {50},
	url = {},
	doi = {10.1088/0741-3335/50/4/043001},
	issn = {}
}

@article{Lux2015,
	title = {{Impurity radiation in DEMO systems modelling}},
	year = {2015},
	journal = {Fusion Engineering and Design},
	author = {{H. Lux, R. Kemp, D.J. Ward, M. Sertoli}},
	number = {},
	month = {},
	pages = {42},
	volume = {101},
	url = {},
	doi = {10.1016/j.fusengdes.2015.10.002},
	issn = {}
}

@article{Martin2008,
	title = {{Power requirement for accessing the H-mode in ITER}},
	year = {2008},
	journal = {Journal of Physics: Conference Series},
	author = {Y.R. Martin et al.},
	number = {},
	month = {},
	pages = {01203},
	volume = {123},
	url = {},
	doi = {doi:10.1088/1742-6596/123/1/012033},
	issn = {}
}

@article{Misic2010,
	title = {{Dimensional analysis in physics and the Buckingham theorem}},
	year = {2010},
	journal = {Eur. J. Phys.},
	author = {{T. Misic, M. Najdanovic-Lukic and L. Nesic}},
	number = {},
	month = {},
	pages = {893â€“-906},
	volume = {31},
	url = {},
	doi = {10.1088/0143-0807/31/4/019},
	issn = {}
}




@article{Reux2015,
	title = {{DEMO reactor design using the new	modular system code SYCOMORE}},
	year = {2015},
	journal = {Nucl. Fusion.},
	author = {{C. Reux C., L. Di Gallo, F. Imbeaux, J.-F. Artaud, P. Bernardi,
	J. Bucalossi, G. Ciraolo, J.-L. Duchateau, C. Fausser, D. Galassi, P. Hertout, J.-C. Jaboulay, A. Li-Puma, B. Saoutic, L. Zani and ITM-TF Contributors}},
	number = {},
	month = {},
	pages = {073011},
	volume = {55},
	url = {},
	doi = {10.1088/0029-5515/55/7/073011},
	issn = {}
}



@article{Reux2018,
	title = {{DEMO design using the SYCOMORE system code: Influence of technological constraints on the reactor performances}},
	year = {2018},
	journal = {Fusion Engineering and Design},
	author = {{C. Reux, S. Kahn, L. Zani, B. P\'egouri\'e, N. Piot, M. Owsiak, G. Aiello, J.-F. Artaud, A. Boutry, S. Dardour, L. Di Gallo, J.-L. Duchateau, D. Galassi, F. Imbeaux, J.-C. Jaboulay, P. Magaud, J. Said, B. Saoutic, P. Sardain}},
	number = {},
	month = {},
	pages = {1572--1576},
	volume = {136},
	url = {},
	doi = {10.1016/j.fusengdes.2018.05.059},
	issn = {}
}


@article{Sheffield1994,
	title = {{The physics of magnetic fusion reactors}},
	year = {1994},
	journal = {Reviews of Modern Physics},
	author = {Sheffield, John},
	number = {3},
	pages = {1015--1103},
	volume = {66},
	isbn = {0034-6861},
	doi = {10.1103/RevModPhys.66.1015},
	issn = {00346861}
}

@article{Siccinio2018,
	title = {{Impact of an integrated core/SOL description on the R and BT optimization of tokamak fusion reactors}},
	year = {2018},
	journal = {Nuclear Fusion},
	author = {{M. Siccinio, E. Fable, C. Angioni, S. Saarelma, A. Scarabosio	and H. Zohm}},
	number = {},
	month = {},
	pages = {016032},
	volume = {58},
	url = {},
	doi = {10.1088/1741-4326/aa9583},
	issn = {}
}

@article{Sips2018,
	title = {{Assessment of the baseline scenario at $q_{95} \sim 3$ for ITER}},
	year = {2018},
	journal = {Nuclear Fusion},
	author = {A.C.C. Sips et al.},
	number = {},
	pages = {126010},
	volume = {58},
	isbn = {},
	doi = {https://doi.org/10.1088/1741-4326/aade57},
	issn = {}
}

@article{Strait1994,
	title = {{Stability of high beta tokamak plasmas}},
	year = {1994},
	journal = {Physics of Plasmas},
	author = {E.J. Strait},
	number = {},
	pages = {1415},
	volume = {1},
	isbn = {},
	doi = {https://doi.org/10.1063/1.870691},
	issn = {}
}

@article{Troyon1984,
    title = {{MHD-Limits to Plasma Confinement}},
    year = {1984},
    journal = {Plasma Physics and Controlled Fusion},
    author = {{Troyon, F and Gruber, R and Saurenmann, H and Semenzato, S and Succi, S}},
    number = {1A},
    month = {1},
    pages = {209--215},
    volume = {26},
    url = {http://stacks.iop.org/0741-3335/26/i=1A/a=319?key=crossref.cae719754c2ff814c52af095f5977ea4},
    doi = {10.1088/0741-3335/26/1A/319},
    issn = {0741-3335}
}

@article{Wenninger2017,
	title = {{The physics and technology basis entering European system code studies for DEMO}},
	year = {2017},
	journal = {Nuclear Fusion},
	author = {{R. Wenninger, R. Kembleton, C. Bachmann et al.}},
	number = {},
	month = {},
	pages = {016011},
	volume = {57},
	url = {},
	doi = {10.1088/0029-5515/57/1/016011},
	issn = {}
}

@book{Wesson2004,
    title = {{Tokamaks}},
    year = {2004},
    author = {Wesson, John},
    edition = {3rd},
    publisher = {Oxford University Press},
    doi = {10.1017/S0022377804003058}
}

@article{Zohm2010,
	title = {{On the minimum size of DEMO}},
	year = {2010},
	journal = {Fusion Science and Technology},
	author = {H. Zohm},
	number = {},
	month = {},
	pages = {613},
	volume = {58},
	url = {},
	doi = {},
	issn = {}
}

@article{Zohm2013,
	title = {{On the physics guidelines for a tokamak DEMO}},
	year = {2013},
	journal = {Nuclear Fusion},
	author = {{H. Zohm, C. Angioni, E. Fable, G. Federici, G. Gantenbein, T. Hartmann, K.Lackner, E. Poli, L. Porte, O. Sauter, G. Tardini, D. Ward, M. Wischmeier}},
	number = {},
	month = {},
	pages = {073019},
	volume = {53},
	url = {},
	doi = {10.1088/0029-5515/53/7/073019},
	issn = {}
}

@article{Zohm2017,
	title = {{A stepladder approach to a tokamak fusion power plant}},
	year = {2017},
	journal = {Nuclear Fusion},
	author = {{H. Zohm, F. Tr\"a uble, W. Biel, E. Fable, R. Kemp, H. Lux, M. Siccinio and R. Wenninger}},
	number = {},
	month = {},
	pages = {086002},
	volume = {57},
	url = {},
	doi = {10.1088/1741-4326/aa739e},
	issn = {}
}
